<?xml version="1.0" encoding="UTF-8"?><record xmlns="http://www.loc.gov/MARC21/slim" xmlns:cinclude="http://apache.org/cocoon/include/1.0" xmlns:zs="http://www.loc.gov/zing/srw/">
  <leader>00669cz  a2200145n  4500</leader>
  <controlfield tag="001">n  86862659 </controlfield>
  <controlfield tag="003">DLC</controlfield>
  <controlfield tag="005">20120807083425.0</controlfield>
  <controlfield tag="008">861104n| acannaabn          |n and      </controlfield>
  <datafield tag="010" ind1=" " ind2=" ">
    <subfield code="a">n  86862659 </subfield>
  </datafield>
  <datafield tag="035" ind1=" " ind2=" ">
    <subfield code="a">(OCoLC)oca01705995</subfield>
  </datafield>
  <datafield tag="040" ind1=" " ind2=" ">
    <subfield code="a">DLC</subfield>
    <subfield code="b">eng</subfield>
    <subfield code="c">DLC</subfield>
    <subfield code="d">OCoLC</subfield>
    <subfield code="d">DLC</subfield>
  </datafield>
  <datafield tag="111" ind1="2" ind2=" ">
    <subfield code="a">Franco-Finnish Symposium on Biotechnology</subfield>
  </datafield>
  <datafield tag="667" ind1=" " ind2=" ">
    <subfield code="a">THIS 1XX FIELD CANNOT BE USED UNDER RDA UNTIL THIS RECORD HAS BEEN REVIEWED AND/OR UPDATED</subfield>
  </datafield>
  <datafield tag="670" ind1=" " ind2=" ">
    <subfield code="a">nuc86-99627: Its (2nd : 1978 : Helsinki, Finland). Bioconversion in food technology [MI] 1978</subfield>
    <subfield code="b">(hdg. on MnSU rept.: Franco-Finnish Symposium on Biotechnology (2nd : 1978 : Helsinki); usage: Franco-Finnish Symposium on Biotechnology)</subfield>
  </datafield>
</record>